@book{subversion,
  author    = {C. Michael Pilato and
               Ben Collins{-}Sussman and
               Brian W. Fitzpatrick},
  title     = {Version control with subversion - the standard in open source version
               control},
  publisher = {O'Reilly},
  year      = {2008},
  url       = {http://www.oreilly.de/catalog/9780596510336/index.html},
  isbn      = {978-0-596-51033-6},
  timestamp = {Wed, 16 Mar 2011 21:36:11 +0100},
  biburl    = {https://dblp.org/rec/books/daglib/0021694.bib},
  bibsource = {dblp computer science bibliography, https://dblp.org}
}
@inproceedings{SRS,
  title={Identifying and measuring quality in a software requirements specification},
  author={Davis, Alan and Overmyer, Scott and Jordan, Kathleen and Caruso, Joseph and Dandashi, Fatma and Dinh, Anhtuan and Kincaid, Gary and Ledeboer, Glen and Reynolds, Patricia and Sitaram, Pradip and others},
  booktitle={[1993] Proceedings First International Software Metrics Symposium},
  pages={141--152},
  year={1993},
  organization={Ieee}
}